%% ------------------------------------------------------- %% 
%% B references
%% ------------------------------------------------------- %%
@book{AJR96,
  author = {Abrial, Jean-Raymond},
  title = {The {B}-book: assigning programs to meanings},
  year = {1996},
  isbn = {0-521-49619-5},
  publisher = {Cambridge {U}niversity {P}ress},
  address = {New York, NY, USA}
}

@book{AJR10,
  author = {Abrial, Jean-Raymond},
  title = {Modeling in Event-{B}: {S}ystem and {S}oftware {E}ngineering},
  year = {2010},
  isbn = {0-521-89556-9},
  publisher = {Cambridge {U}niversity {P}ress},
  address = {New York, NY, USA}
}

@MISC{BML09,
  author = {M\'etayer, Christophe and Voisin, Laurent},
  title = {The {E}vent-{B} {M}athematical {L}anguage},
  year = {2009},
  howpublished = {\url{http://deploy-eprints.ecs.soton.ac.uk/11/4/kernel_lang.pdf}}
}

%% ------------------------------------------------------- %% 
%% SMT-LIB references
%% ------------------------------------------------------- %%
@MISC{SMTLIB,
  author = {SMT-LIB},
  title = {The {S}atisfiability {M}odulo {T}heories {L}ibrary},
  year = {2010},
  howpublished = {\url{http://combination.cs.uiowa.edu/smtlib}}
}

@MISC{SMTLIB06,
  author = {Ranise, Silvio and Tinelli, Cesare},
  title = {The \textsc{SMT-LIB} {S}tandard: {V}ersion 1.2},
  year = {2006},
  howpublished = {\url{http://goedel.cs.uiowa.edu/smtlib/papers/format-v1.2-r06.08.30.pdf}}
}

@MISC{SMTLIB10,
  author = {Barrett, Clark and Stump, Aaron and Tinelli, Cesare},
  title = {The \textsc{SMT-LIB} {S}tandard: {V}ersion 2.0},
  year = {2010},
  howpublished = {\url{http://combination.cs.uiowa.edu/smtlib/papers/smt-lib-reference-v2.0-r10.03.30.pdf}}
}

%% ------------------------------------------------------- %% 
%% DECERT references
%% ------------------------------------------------------- %%
@MISC{ANR08,
  author = {DECERT Project},
  title = {Deduction and {C}ertification},
  year = {2008},
  howpublished = {\url{http://decert.gforge.inria.fr/index.html}}
}

@techreport{B2SMT09,
  author = {Systerel},
  title = {From {E}vent-{B} {L}emmas to {SMT-LIB} {B}enchmarks},
  year = {2009},
  howpublished = {\url{http://wiki.event-b.org/index.php/Event-B_to_SMT-LIB}}
}

@techreport{TAXO09,
  author = {Systerel},
  title = {Taxonomy of lemmas},
  year = {2009}
}

@techreport{REQ09,
  author = {The Decert Consortium},
  title = {Report on {R}equirement {A}nalysis},
  year = {2009}
}

@MISC{POSMT10,
  author = {D\'eharbe, David},
  title = {Automatic {V}erification for a {C}lass of {P}roof {O}bligations with \textsc{SMT-S}olvers},
  year = {2010},
  howpublished = {\url{http://dx.doi.org/10.1007/978-3-642-11811-1_17}}
}

@article{BSMT10,
  author = {D\'eharbe, David},
  title = {Integration of \textsc{SMT-S}olvers in {B} and {E}vent-{B} {D}evelopment {E}nvironments},
  year = {2010}
}

@article{RODINSMT10,
  author = {Alc\^antara de Almeida, V\'itor and D\'eharbe, David},
  title = {Integrating \textsc{SMT-S}olvers in {R}odin},
  year = {2010}
}

%% ------------------------------------------------------- %% 
%% Other references
%% ------------------------------------------------------- %%
@MISC{ECLIPSE,
	author = {Eclipse},
	howpublished = {\url{http://www.eclipse.org}},
	title = {Eclipse {H}omepage},
	year = {2010}
}

@MISC{RODIN,
	author = {SourceForge.net},
	howpublished = {\url{http://sourceforge.net/projects/rodin-b-sharp/files/Core_ Rodin Platform}},
	title = {Browse {R}odin {F}iles on {S}ource{F}orge.net},
	year = {2010}
}

@MISC{SOURCES,
	author = {SourceForge.net},
	howpublished = {\url{https://rodin-b-sharp.svn.sourceforge.net/svnroot/rodin-b-sharp}},
	title = {{C}heckout {R}odin {S}ources from {S}ource{F}orge \textsc{SVN R}epository,
	year = {2010}
}

@MISC{WIKI,
	author = {Event-B.org},
	howpublished = {\url{http://www.event-b.org}},
	title = {Event-{B} and the {R}odin {P}latform {H}omepage},
	year = {2010}
}

@MISC{VERIT,
	author = {VeriT},
	howpublished = {\url{http://www.verit-solver.org}},
	title = {The {V}eri{T} {S}olver},
	year = {2010}
}

@MISC{ALTERGO,
	author = {Alt-Ergo},
	howpublished = {\url{http://alt-ergo.lri.fr}},
	title = {The {A}lt-{e}rgo {S}olver},
	year = {2010}
}

@MISC{CVC3,
	author = {CVC3},
	howpublished = {\url{http://www.cs.nyu.edu/acsys/cvc3}},
	title = {The \textsc{CVC}3 {S}olver},
	year = {2010}
}

@MISC{Z3,
	author = {Z3},
	howpublished = {\url{http://research.microsoft.com/en-us/um/redmond/projects/z3}},
	title = {The {Z}3 {S}olver},
	year = {2010}
}

@MISC{OPENSMT,
	author = {OPENSMT},
	howpublished = {\url{http://www.verify.inf.unisi.ch/opensmt}},
	title = {The {O}pen{S}mt {S}olver},
	year = {2010}
}

@MISC{MATHSAT,
	author = {MATHSAT},
	howpublished = {\url{http://mathsat4.disi.unitn.it}},
	title = {The {M}ath{S}at {S}olver},
	year = {2010}
}
